<record><leader>00000cas a22000007a 4500</leader><controlfield tag="001">10974060</controlfield><controlfield tag="008">840721d18481851ohuwr ne      0    0eng d</controlfield><datafield ind1=" " ind2=" " tag="010"><subfield code="a">sn 84028379 </subfield></datafield><datafield ind1=" " ind2=" " tag="040"><subfield code="a">NPY</subfield><subfield code="b">eng</subfield><subfield code="c">NPY</subfield><subfield code="d">ONP</subfield><subfield code="d">OCLCQ</subfield></datafield><datafield ind1=" " ind2=" " tag="042"><subfield code="a">msc</subfield></datafield><datafield ind1="0" ind2="0" tag="245"><subfield code="a">Trumbull County Whig.</subfield></datafield><datafield ind1="3" ind2="0" tag="246"><subfield code="a">Trumbull Co. Whig</subfield></datafield><datafield ind1=" " ind2=" " tag="260"><subfield code="a">Warren, Ohio :</subfield><subfield code="b">James Dumars,</subfield><subfield code="c">1848-1851.</subfield></datafield><datafield ind1=" " ind2=" " tag="300"><subfield code="a">3 v. ;</subfield><subfield code="c">59 cm.</subfield></datafield><datafield ind1=" " ind2=" " tag="310"><subfield code="a">Weekly</subfield></datafield><datafield ind1="0" ind2=" " tag="362"><subfield code="a">Vol. 1, no. 1 (Oct. 23, 1848)-v. 3, no. 52 (Oct. 17, 1851).</subfield></datafield><datafield ind1=" " ind2=" " tag="500"><subfield code="a">Publishers: Dumars, 1848-Jan. 11, 1849; Dumars &amp; Foote, Jan. 18, 1849-July, 1849; Dumars, Aug. 2, 1849-1851.</subfield></datafield><datafield ind1=" " ind2=" " tag="752"><subfield code="a">United States</subfield><subfield code="b">Ohio</subfield><subfield code="c">Trumbull</subfield><subfield code="d">Warren.</subfield></datafield><datafield ind1="0" ind2="0" tag="785"><subfield code="t">Western Reserve transcript and Whig</subfield><subfield code="w">(DLC)sn 84028380</subfield></datafield></record>